@inproceedings{Morrison:2013,
 author = {Morrison, Adam and Afek, Yehuda},
 title = {Fast Concurrent Queues for x86 Processors},
 booktitle = {Proceedings of the 18th ACM SIGPLAN Symposium on Principles and Practice of Parallel Programming},
 series = {PPoPP '13},
 year = {2013},
 isbn = {978-1-4503-1922-5},
 location = {Shenzhen, China},
 pages = {103--112},
 numpages = {10},
 url = {http://doi.acm.org/10.1145/2442516.2442527},
 doi = {10.1145/2442516.2442527},
 acmid = {2442527},
 publisher = {ACM},
 address = {New York, NY, USA},
 keywords = {concurrent queue, fetch-and-add, nonblocking algorithm},
} 


